@incollection{whitley,
  title={{Genetic Reinforcement Learning for Neurocontrol Problems}},
  author={Whitley, Darrell and Dominic, Stephen and Das, Rajarshi and Anderson, Charles W},
  booktitle={Genetic Algorithms for Machine Learning},
  pages={103--128},
  year={1993},
  publisher={Springer}
}

@article{neat_paper,
    author = {Kenneth Stanley and Ristro Miikkulainen},
    title = {{Evolving} {Neural} {Networks} through {Augmenting} {Topologies}},
    journal = {Evolutionary Computation},
    volume = {10},
    year = {2002},
    number = {2},
    pages = {99--127},
    publisher={MIT Press}
}

@article{cartpole,
  title={{Learning to Control an Inverted Pendulum Using Neural Networks}},
  author={Charles W Anderson},
  journal={IEEE Control Systems Magazine},
  volume={9},
  number={3},
  pages={31--37},
  year={1989},
  publisher={IEEE}
}

@misc{neat_web,
  title = {{The NeuroEvolution of Augmenting Topologies (NEAT) Users Page}},
  howpublished = {\url{https://www.cs.ucf.edu/~kstanley/neat.html}},
  note = {Accessed: 2017-04-01}
}

@misc{gym,
        Author = {Greg Brockman and Vicki Cheung and Ludwig Pettersson and Jonas Schneider and John Schulman and Jie Tang and Wojciech Zaremba},
        Title = {OpenAI Gym},
        Year = {2016},
        Eprint = {arXiv:1606.01540},
}
